<?xml version="1.0" encoding="UTF-8"?>
<collection xmlns="http://www.loc.gov/MARC21/slim">
 <record>
  <leader>03599cam a2200661Ii 4500</leader>
  <controlfield tag="001">9278871</controlfield>
  <controlfield tag="005">20140121184600.0</controlfield>
  <controlfield tag="006">m     |  d        </controlfield>
  <controlfield tag="007">cr |||||||||||</controlfield>
  <controlfield tag="008">130731s2012    iluab         000 0 eng d</controlfield>
  <datafield tag="020" ind1=" " ind2=" ">
   <subfield code="z">1885923929</subfield>
  </datafield>
  <datafield tag="020" ind1=" " ind2=" ">
   <subfield code="z">9781885923929</subfield>
  </datafield>
  <datafield tag="035" ind1=" " ind2=" ">
   <subfield code="a">(OCoLC)854768044</subfield>
  </datafield>
  <datafield tag="035" ind1=" " ind2=" ">
   <subfield code="a">9278871</subfield>
  </datafield>
  <datafield tag="040" ind1=" " ind2=" ">
   <subfield code="a">CGU</subfield>
   <subfield code="b">eng</subfield>
   <subfield code="e">rda</subfield>
   <subfield code="c">CGU</subfield>
   <subfield code="d">UtOrBLW</subfield>
  </datafield>
  <datafield tag="049" ind1=" " ind2=" ">
   <subfield code="a">CGUA</subfield>
  </datafield>
  <datafield tag="090" ind1=" " ind2=" ">
   <subfield code="a">QL692.E3</subfield>
   <subfield code="b">B489 2012</subfield>
  </datafield>
  <datafield tag="100" ind1="1" ind2=" ">
   <subfield code="a">Bailleul-LeSuer, Rozenn.</subfield>
  </datafield>
  <datafield tag="245" ind1="1" ind2="0">
   <subfield code="a">Between heaven and earth :</subfield>
   <subfield code="b">birds in ancient Egypt /</subfield>
   <subfield code="c">edited by Rozenn Bailleul-LeSuer, with new photography by Anna R. Ressman.</subfield>
  </datafield>
  <datafield tag="246" ind1="3" ind2="0">
   <subfield code="a">Birds in ancient Egypt</subfield>
  </datafield>
  <datafield tag="264" ind1=" " ind2="1">
   <subfield code="a">Chicago :</subfield>
   <subfield code="b">Oriental Institute of the University of Chicago,</subfield>
   <subfield code="c">2012.</subfield>
  </datafield>
  <datafield tag="300" ind1=" " ind2=" ">
   <subfield code="a">1 online resource (232 pages) :</subfield>
   <subfield code="b">color illustrations, maps.</subfield>
  </datafield>
  <datafield tag="336" ind1=" " ind2=" ">
   <subfield code="a">text</subfield>
   <subfield code="2">rdacontent</subfield>
  </datafield>
  <datafield tag="337" ind1=" " ind2=" ">
   <subfield code="a">computer</subfield>
   <subfield code="2">rdamedia</subfield>
  </datafield>
  <datafield tag="338" ind1=" " ind2=" ">
   <subfield code="a">online resource</subfield>
   <subfield code="2">rdacarrier</subfield>
  </datafield>
  <datafield tag="490" ind1="1" ind2=" ">
   <subfield code="a">Oriental Institute Museum publications ;</subfield>
   <subfield code="v">35</subfield>
  </datafield>
  <datafield tag="500" ind1=" " ind2=" ">
   <subfield code="a">&quot;This volume has been published in conjunction with the exhibition Between Heaven and Earth: Birds in Ancient Egypt, October 15, 2012-July 28, 2013&quot; -- p. [4].</subfield>
  </datafield>
  <datafield tag="500" ind1=" " ind2=" ">
   <subfield code="a">&quot;About the contributors&quot; -- p. 11-13.</subfield>
  </datafield>
  <datafield tag="500" ind1=" " ind2=" ">
   <subfield code="a">&quot;List of birds&quot; -- p. 217.</subfield>
  </datafield>
  <datafield tag="504" ind1=" " ind2=" ">
   <subfield code="a">Includes bibliographical references (p. 218-232)</subfield>
  </datafield>
  <datafield tag="650" ind1=" " ind2="0">
   <subfield code="a">Birds in art.</subfield>
  </datafield>
  <datafield tag="610" ind1="2" ind2="0">
   <subfield code="a">University of Chicago.</subfield>
   <subfield code="b">Oriental Institute.</subfield>
   <subfield code="b">Museum</subfield>
   <subfield code="v">Exhibitions.</subfield>
  </datafield>
  <datafield tag="650" ind1=" " ind2="0">
   <subfield code="a">Natural history</subfield>
   <subfield code="z">Egypt</subfield>
   <subfield code="v">Pictorial works.</subfield>
  </datafield>
  <datafield tag="650" ind1=" " ind2="0">
   <subfield code="a">Horus (Egyptian deity)</subfield>
  </datafield>
  <datafield tag="650" ind1=" " ind2="0">
   <subfield code="a">Nut (Egyptian deity)</subfield>
  </datafield>
  <datafield tag="650" ind1=" " ind2="4">
   <subfield code="a">Mummies and mummification.</subfield>
  </datafield>
  <datafield tag="650" ind1=" " ind2="0">
   <subfield code="a">Animal remains (Archaeology)</subfield>
   <subfield code="z">Egypt.</subfield>
  </datafield>
  <datafield tag="650" ind1=" " ind2="0">
   <subfield code="a">Thoth (Egyptian deity)</subfield>
  </datafield>
  <datafield tag="600" ind1="0" ind2="7">
   <subfield code="a">Horus</subfield>
   <subfield code="c">(Egyptian deity)</subfield>
   <subfield code="2">fast</subfield>
   <subfield code="0">http://id.worldcat.org/fast/fst00960843</subfield>
  </datafield>
  <datafield tag="610" ind1="2" ind2="7">
   <subfield code="a">University of Chicago.</subfield>
   <subfield code="b">Oriental Institute.</subfield>
   <subfield code="b">Museum.</subfield>
   <subfield code="2">fast</subfield>
   <subfield code="0">http://id.worldcat.org/fast/fst00573674</subfield>
  </datafield>
  <datafield tag="650" ind1=" " ind2="7">
   <subfield code="a">Animal remains (Archaeology)</subfield>
   <subfield code="2">fast</subfield>
   <subfield code="0">http://id.worldcat.org/fast/fst00809354</subfield>
  </datafield>
  <datafield tag="650" ind1=" " ind2="7">
   <subfield code="a">Birds in art.</subfield>
   <subfield code="2">fast</subfield>
   <subfield code="0">http://id.worldcat.org/fast/fst00833087</subfield>
  </datafield>
  <datafield tag="650" ind1=" " ind2="7">
   <subfield code="a">Natural history.</subfield>
   <subfield code="2">fast</subfield>
   <subfield code="0">http://id.worldcat.org/fast/fst01034268</subfield>
  </datafield>
  <datafield tag="650" ind1=" " ind2="7">
   <subfield code="a">Thoth (Egyptian deity)</subfield>
   <subfield code="2">fast</subfield>
   <subfield code="0">http://id.worldcat.org/fast/fst01150248</subfield>
  </datafield>
  <datafield tag="651" ind1=" " ind2="7">
   <subfield code="a">Egypt.</subfield>
   <subfield code="2">fast</subfield>
   <subfield code="0">http://id.worldcat.org/fast/fst01208755</subfield>
  </datafield>
  <datafield tag="655" ind1=" " ind2="7">
   <subfield code="a">Exhibition catalogs.</subfield>
   <subfield code="2">fast</subfield>
   <subfield code="0">http://id.worldcat.org/fast/fst01424028</subfield>
  </datafield>
  <datafield tag="655" ind1=" " ind2="7">
   <subfield code="a">Pictorial works.</subfield>
   <subfield code="2">fast</subfield>
   <subfield code="0">http://id.worldcat.org/fast/fst01423874</subfield>
  </datafield>
  <datafield tag="700" ind1="1" ind2=" ">
   <subfield code="a">Ressman, Anna R.</subfield>
  </datafield>
  <datafield tag="710" ind1="2" ind2=" ">
   <subfield code="a">University of Chicago.</subfield>
   <subfield code="b">Oriental Institute.</subfield>
   <subfield code="b">Museum.</subfield>
  </datafield>
  <datafield tag="776" ind1="0" ind2="8">
   <subfield code="i">Print version:</subfield>
   <subfield code="a">Bailleul-LeSuer, Rozenn.</subfield>
   <subfield code="t">Between heaven and earth.</subfield>
   <subfield code="d">Chicago : Oriental Institute of the University of Chicago, 2012</subfield>
   <subfield code="z">9781885923929</subfield>
   <subfield code="w">(OCoLC)813390428</subfield>
   <subfield code="w">(ICU)9131778</subfield>
  </datafield>
  <datafield tag="856" ind1="4" ind2="0">
   <subfield code="u">http://bibpurl.oclc.org/web/50607</subfield>
   <subfield code="z">(Click on the icon to the left of 'Terms of Use' to access the PDF)</subfield>
  </datafield>
  <datafield tag="856" ind1="4" ind2="0">
   <subfield code="u">http://oi.uchicago.edu/research/pubs/catalog/oimp/oimp35.html</subfield>
   <subfield code="z">(Click on the icon to the left of 'Terms of Use' to access the PDF)</subfield>
  </datafield>
  <datafield tag="856" ind1="4" ind2="0">
   <subfield code="u">http://oi.uchicago.edu/pdf/oimp35.pdf</subfield>
  </datafield>
  <datafield tag="830" ind1=" " ind2="0">
   <subfield code="a">Oriental Institute Museum publications ;</subfield>
   <subfield code="v">no. 35.</subfield>
  </datafield>
  <datafield tag="903" ind1=" " ind2=" ">
   <subfield code="a">MARS</subfield>
  </datafield>
  <datafield tag="928" ind1=" " ind2=" ">
   <subfield code="u">http://bibpurl.oclc.org/web/50607</subfield>
   <subfield code="p">(Click on the icon to the left of 'Terms of Use' to access the PDF)</subfield>
   <subfield code="c">FullText</subfield>
   <subfield code="l">Online</subfield>
   <subfield code="t">LCC</subfield>
   <subfield code="a">QL692.E3B489 2012</subfield>
  </datafield>
  <datafield tag="928" ind1=" " ind2=" ">
   <subfield code="u">http://oi.uchicago.edu/pdf/oimp35.pdf</subfield>
   <subfield code="c">FullText</subfield>
   <subfield code="l">Online</subfield>
   <subfield code="t">LCC</subfield>
   <subfield code="a">QL692.E3B489 2012</subfield>
  </datafield>
  <datafield tag="928" ind1=" " ind2=" ">
   <subfield code="u">http://oi.uchicago.edu/research/pubs/catalog/oimp/oimp35.html</subfield>
   <subfield code="p">(Click on the icon to the left of 'Terms of Use' to access the PDF)</subfield>
   <subfield code="c">FullText</subfield>
   <subfield code="l">Online</subfield>
   <subfield code="t">LCC</subfield>
   <subfield code="a">QL692.E3B489 2012</subfield>
  </datafield>
 </record>
</collection>
